2926 4936
793 1071 826 1138 6.

141 1164 150 1235 j
247 1204 311 1284 lle
339 1204 440 1285 Aoo.
470 1223 506 1282 o.
535 1200 619 1282 Inf.
650 1057 1008 1302 outzmannus
1034 1204 1201 1305 oojooti
1224 1205 1325 1287 looo

640 1326 780 1428 positi
809 1330 923 1410 sunt.

304 1470 341 1538 Α.
367 1469 412 1537 'a
438 1470 516 1539 acc.
541 1485 570 1542 c.
597 1467 656 1537 lut.
683 1471 734 1556 oui
759 1471 840 1539 sunt
865 1488 998 1540 numero
1024 1472 1260 1557 annonarum.

542 1593 634 1660 Aoo.
661 1614 688 1659 o.
717 1595 792 1663 Ins.
819 1596 1022 1677 exoipinut

264 1721 293 1787 Ι.
311 1721 428 1787 verba:
453 1721 488 1798 a)
512 1720 754 1800 impersonalia.
780 1721 815 1801 b)
839 1721 1037 1802 personalia.
1065 1719 1068 1723 ’

240 1829 289 1894 ΙΙ.
306 1827 525 1894 substantiva.

218 1935 286 1999 ΙΙΙ.
305 1934 473 2018 adjectiva
497 1938 532 1999 et
554 1933 739 2014 partieipia.

759 2363 793 2431 tn.

216 2487 345 2574 pudett

305 2597 387 2662 Luo.
414 2601 525 2672 5310:
551 2597 628 2661 Non
651 2596 755 2676 pudet
778 2597 841 2661 heu
866 2596 989 2661 Caesar
1014 2596 1073 2661 tibi
1097 2596 1186 2662 bella
1206 2599 1341 2678 plaeere

348 2704 427 2769 Janr
452 2704 601 2769 manibus
626 2703 783 2768 damnata
807 2703 882 2768 tuis

260 2813 312 2876 De
351 2811 413 2876 hau
448 2815 564 2876 struet.
602 2811 643 2876 ot'.
669 2811 729 2875 Dr.
759 2830 790 2890 p,
817 2818 890 2877 395.
915 2811 1107 2876 Mernoratu
1132 2810 1252 2891 dignus
1277 2811 1345 2877 fuit

215 2918 290 2984 Ter.
316 2919 402 2983 Eun.
428 2926 506 2984 832:
532 2916 712 2998 Dispudet
736 2917 782 2983 sio
807 2916 884 2982 nini
908 2918 988 2982 (lata
1012 2936 1084 2982 esso
1108 2919 1221 2984 verna.

214 3024 356 3092 taedet:

303 3130 362 3197 Sil.
379 3135 509 3214 17‚509:
535 3131 660 3197 Verum
673 3130 728 3194 ubi
742 3130 891 3195 ounotari
904 3132 1017 3196 taedet
1030 3131 1179 3212 dispersa
1192 3133 1341 3199 virorurn

347 3237 480 3303 Proelia
494 3241 674 3302 sectantem
688 3242 722 3301 et
734 3237 978 3303 leuioreMart‘e
993 3239 1098 3303 teneri
1112 3238 1171 3323 (so.
1186 3239 1340 3321 proelia).

259 3347 334 3430 Hjs.
360 3349 478 3410 struet.
504 3363 524 3407 a
547 3344 608 3408 Dr.
633 3362 697 3407 non
722 3351 992 3410 commemoratae
1029 3345 1118 3411 aliud
1154 3347 1341 3427 exernplnrn

211 3473 278 3519 non
300 3452 442 3534 repperi.

757 3644 792 3716 lb.

211 3765 376 3832 memini:

298 3874 382 3940 Luo.
413 3879 524 3954 2169:
551 3872 672 3953 Meque
684 3872 790 3954 ipsurn
804 3875 933 3940 nienrini
947 3875 1033 3941 oaesi
1047 3877 1203 3942 detornnia
1219 3878 1338 3944 fratris

346 3979 416 4047 Ora
438 3999 518 4062 rogo
543 3980 695 4061 cupidum
719 3979 896 4060 vetitisque
919 3982 1085 4063 imponere
1109 3984 1248 4050 flammis

344 4087 462 4154 Omnia
487 4087 643 4153 Sullanae
668 4088 829 4152 lustrasse
855 4090 1021 4154 cadavera
1044 4091 1137 4171 pacis

344 4196 474 4276 Perque
499 4214 609 4261 omues
634 4199 768 4260 trunoos
793 4215 856 4274 oua
881 4216 952 4261 ‹rrrrn
979 4197 1108 4265 cervice
1132 4198 1274 4265 recisum

344 4304 531 4372 Conveniat
554 4302 721 4384 (plausisse
746 4308 854 4384 eaput.
882 4304 1007 4387 7334?
1024 4303 1125 4392 802†.
