2926 4936
303 649 369 716 Vei
394 651 461 714 leto
487 648 643 730 graviora
668 649 739 730 pati
763 654 946 731 saevasque
970 649 1117 717 fera-rum

305 756 496 822 Adtentare
521 756 622 836 dapes
646 761 681 819 et
703 755 823 820 mensis
847 757 970 821 addere
995 757 1128 826 erirnen.

170 863 292 930 venia:

258 970 467 1051 Lue.3,149:
493 969 602 1037 Venia
615 976 667 1034 est
679 970 761 1034 haee
774 970 845 1035 sola
861 970 907 1034 nil
920 971 988 1051 jam
1005 971 1153 1051 putuisse
1165 972 1290 1053 negari.

214 1077 344 1141 Neutra
368 1081 538 1141 structura
561 1097 581 1141 a
605 1077 665 1142 Dr.
691 1076 859 1142 iaudatur.

213 1443 265 1506 De
278 1443 339 1506 hee
354 1460 413 1508 usu
427 1461 447 1507 a
459 1442 596 1507 classice
610 1459 759 1506 sennene
771 1459 835 1504 non
852 1440 1028 1504 reeedente
1042 1439 1083 1507 ei.
1097 1441 1157 1507 Dr.
1172 1460 1202 1521 p.
1219 1449 1292 1508 398.

213 1549 377 1629 Exempla
400 1548 555 1613 Inreani
579 1554 656 1612 sunt
678 1547 774 1613 haee:

170 1674 389 1739 extremum:

262 1785 374 1853 2519:
391 1778 576 1843 Poenarum
592 1781 772 1842 extremum
790 1780 842 1841 est
858 1776 921 1842 civi
935 1777 1020 1856 quod
1034 1781 1146 1843 eastra
1158 1782 1292 1844 secutus

303 1883 355 1949 Sit
377 1884 506 1965 patriae
532 1883 757 1963 Magnumque
782 1883 897 1947 (iuueni
921 1888 1090 1964 totumque
1114 1889 1275 1962 senatun,
1370 1963 1375 1969 ,
1439 1916 1441 1921 π

301 1991 445 2072 ignosci.

168 2114 374 2195 indignum:

259 2229 351 2302 7,73:
375 2223 568 2305 Pompejum
592 2223 725 2289 vincere
749 2223 839 2287 lente

301 2327 476 2409 Indignum
502 2333 563 2394 est.
590 2337 697 2405 Sidou.
717 2335 844 2418 idion.

168 2435 317 2501 mirum:

258 2549 274 2606 7
280 2549 369 2620 ,18:'u
398 2540 485 2624 Quid
500 2543 616 2606 ruirurn
633 2542 769 2623 populus
793 2560 872 2620 qrres
889 2543 946 2606 lux
970 2545 1118 2605 extrema
1134 2541 1291 2606 manebat

302 2648 490 2730 Lymphato
516 2649 702 2728 trepidasse
726 2653 825 2714 nretu.

212 2754 313 2835 Apud
345 2754 555 2821 Valerium
590 2755 773 2835 exernplurn
808 2774 872 2820 nun
906 2755 1026 2820 inveni.
1067 2754 1192 2820 Silius
1227 2755 1291 2820 due

168 2861 322 2941 praebet:

168 3005 250 3069 par:

261 3099 392 3174 salar:
418 3094 574 3159 Instabat
597 3093 726 3168 ductor,
752 3092 804 3158 eui
827 3093 924 3156 tarde
949 3092 1081 3158 vincere
1106 3092 1230 3175 Grajas

301 3200 370 3263 Par
393 3205 467 3264 erat
491 3219 530 3264 ae
554 3199 643 3264 vinei
666 3204 803 3264 turmas

167 3324 414 3408 perspicuum:

262 3430 416 3506 15,147*:
441 3430 516 3495 Irat
539 3449 603 3510 qna
627 3431 747 3496 (iuuere
772 3429 867 3496 dives
890 3429 1116 3509 Perspicuum.

168 3557 292 3640 turpe:

260 3661 396 3739 aenei:
427 3663 538 3742 Turpe
563 3661 638 3727 duci
662 3661 768 3728 visiun
792 3666 843 3726 est
865 3661 1015 3742 rapiendi
1040 3664 1188 3742 tempora
1210 3661 1290 3726 beni

303 3771 342 3834 In
367 3786 485 3849 segnes
509 3768 615 3832 exisse
638 3786 746 3832 moras
769 3774 931 3849 portuque
956 3767 1020 3851 (se)
1044 3767 1161 3834 teneri.

711 3981 756 4048 iil.

170 4073 305 4156 palam:

259 4179 340 4243 Lue.
360 4184 470 4258 uini:
496 4178 684 4244 Advenisse
709 4177 794 4242 diem
811 4176 866 4257 qui
882 4176 986 4242 fatum
1009 4178 1108 4242 rebus
1123 4176 1157 4241 in
1174 4196 1291 4242 aevum

305 4284 471 4349 Conderet
493 4285 653 4362 hurnanis,
679 4291 713 4350 et
737 4284 850 4364 quaeri
874 4285 979 4350 Roma
1003 4283 1080 4363 quid
1104 4288 1200 4360 esset,

304 4391 369 4461 Ille
395 4390 509 4456 Marte
532 4393 643 4471 palam
668 4397 728 4458 est.
761 4389 878 4457 Claud.
901 4397 1027 4468 15,43l.

1045 4512 1076 4565 3*
