2926 4936
168 327 209 396 96

166 505 292 571 Pacuv.
317 505 384 571 und
406 506 517 589 Luca,
535 509 677 574 sondern
700 508 784 575 auch
800 507 1077 574 beischlechtern
1090 504 1293 572 Scribeuten

170 612 230 678 der
265 612 472 678 klassischen
507 615 648 681 Periode
684 614 882 681 erscheint“.
929 611 1141 697 Quapropter
1173 611 1293 677 laudo:

169 719 269 786 Varr.
294 720 335 786 R.
361 720 401 786 R.
429 728 497 803 29:
525 723 594 802 „Eo
619 722 767 789 consueti
791 722 862 788 cibo
887 722 967 788 uti“.

168 843 373 912 sufficiens:
390 841 415 926 ¹)

261 968 346 1034 Luc.
374 975 485 1046 5‚153:
510 970 583 1035 Nec
606 989 672 1037 vox
695 970 784 1035 antri
808 970 970 1051 complere
995 968 1126 1051 capacis

305 1074 480 1142 Sufficiens
505 1075 656 1157 spatium.

259 1198 318 1266 sil.
339 1203 471 1282 laeua:
495 1200 637 1265 Lumina
649 1199 738 1265 ferre
750 1218 887 1281 gravem
900 1199 956 1267 vix
969 1197 1167 1266 sufficientia
1184 1198 1296 1262 lucem

303 1305 399 1371 Unca
422 1323 503 1370 nare
524 1307 647 1389 jacent.

215 1431 267 1496 De
287 1430 348 1496 hoc
372 1447 433 1495 usu
457 1449 555 1510 quum
574 1430 622 1496 K.
649 1430 731 1496 nihil
755 1429 978 1511 disputaverit
1001 1429 1058 1495 cis.
1084 1448 1166 1509 quae
1191 1447 1298 1509 supra

171 1541 218 1620 (p.
244 1537 302 1623 67)
326 1536 502 1618 disputavi.

708 1732 740 1802 0.

221 1878 299 1944 Huc
322 1876 489 1942 referendi
513 1877 669 1943 videntur
691 1877 765 1942 Inff.
792 1877 846 1957 qui
869 1876 917 1943 ita
941 1895 982 1942 ex
1005 1875 1180 1960 adjectivis
1221 1875 1297 1957 apti

171 1989 252 2050 suut
286 1989 324 2050 ut
350 1983 488 2051 nominis
522 1984 722 2051 substantivi
751 2003 823 2049 cum
851 1983 1094 2065 praepositione
1123 1982 1298 2067 conjuncti

169 2092 228 2157 vel
252 2091 361 2172 supini
384 2091 519 2157 secundi
542 2092 632 2158 vices
656 2090 849 2159 sustineant.

170 2234 275 2303 asper
300 2215 358 2300 (cf.
383 2217 428 2284 K.
454 2236 484 2298 p.
511 2215 586 2301 sal:

261 2340 318 2408 Sil.
346 2346 460 2419 3385:
485 2341 574 2406 Hinc
598 2340 747 2407 venitin
770 2360 863 2406 arma

305 2448 409 2513 Haud
433 2447 509 2513 aevi
531 2446 664 2528 fragilis
688 2447 817 2529 sonipes
841 2448 1006 2529 crudoque
1030 2447 1145 2528 vigore

305 2553 418 2636 Asper
441 2553 538 2620 frena
561 2553 631 2635 pati
655 2559 715 2620 aut
735 2554 835 2637 jussis
858 2573 982 2635 pavere
1005 2552 1188 2635 magistri.

169 2679 336 2748 decorus:

259 2805 342 2872 Luc.
373 2811 485 2886 1‚164:
512 2802 631 2870 Cultus
654 2809 788 2885 gestare
812 2805 947 2870 decoros

304 2910 373 2980 Vix
396 2910 534 2977 nuribus
557 2930 698 2992 rapuere
721 2929 838 2977 mares,

217 3037 358 3103 Rectam
394 3036 434 3101 de
469 3037 530 3101 hoc
566 3037 638 3101 loco
674 3035 873 3100 sententiam
897 3035 941 3102 K.
971 3055 1003 3116 p.
1030 3041 1069 3101 23
1095 3034 1299 3117 explicuisse

171 3142 318 3222 videtur;
344 3143 386 3210 cf.
411 3143 478 3210 dio.
504 3144 548 3209 N.
570 3144 613 3207 D.
629 3149 794 3220 adonai:
825 3142 918 3219 „Nos
931 3141 1027 3225 aeria
1052 3143 1194 3226 argenti,
1219 3146 1300 3211 auri

170 3269 273 3318 venas
298 3250 482 3317 invenimus
506 3254 541 3315 ct
564 3250 606 3315 ad
630 3267 723 3315 usum
740 3255 836 3330 aptas
853 3249 942 3315 etad
955 3253 1106 3315 ornatum
1120 3249 1298 3319 decoras“.

170 3375 305 3461 facilis,
330 3373 521 3485 (difficilis
545 3375 627 3441 Luc.
656 3371 815 3459 r,500):²j)

197 3503 199 3507 '
259 3501 341 3565 Luc.
372 3505 479 3577 ]‚500:
505 3497 534 3565 Ο
558 3499 675 3566 faciles
699 3499 779 3565 dare
804 3518 928 3566 summa
952 3499 1030 3564 deos
1055 3497 1238 3578 eademque

305 3605 407 3673 Tucri
429 3605 602 3673 Difficiles
629 3613 738 3690 2460.
754 3613 861 3686 3,383.
876 3612 961 3683 630.
976 3606 1024 3691 (J.
1039 3604 1165 3687 Pass.:)
1182 3613 1298 3686 2,(356.

260 3731 337 3800 Val.
364 3738 479 3810 5‚722:
502 3730 633 3798 Boreae
658 3732 778 3797 cedens
801 3730 1000 3812 glacialibus
1023 3729 1113 3797 auris

303 3839 431 3906 Pontus
455 3845 490 3904 et
513 3843 629 3905 exorta
652 3838 762 3904 facilis
786 3856 996 3904 concrescere
1020 3839 1146 3902 brunia.

264 4090 285 4157 ¹)
304 4091 371 4146 Luc.
391 4093 453 4155 288
471 4090 539 4145 foto.
559 4091 638 4153 atvs
659 4091 755 4156 spatio.

261 4179 282 4249 ²)
302 4180 383 4249 Verg
411 4179 481 4233 Aen.
501 4181 579 4242 &621
599 4178 618 4233 f.
639 4181 709 4232 visu.
729 4178 796 4233 Luc.
816 4179 896 4241 2314
915 4177 948 4230 ad
964 4175 1042 4246 juga.
1070 4175 1118 4230 Sil.
1138 4176 1241 4241 12‚5uo
1261 4179 1299 4232 ad

171 4270 303 4338 requiem.
322 4268 410 4325 Diff.
431 4267 658 4338 adjudicandum
678 4266 869 4335 explicandum
888 4265 952 4328 Cio..
973 4265 1007 4319 ad
1024 4263 1105 4319 fidem
1123 4262 1186 4321 Liv.
