2926 4936
1268 448 1287 518 9

167 627 322 709 Romane,
338 633 439 711 caput
463 647 603 709 [aarere
618 621 766 694 decebat.
791 633 901 706 7‚545:
918 626 1046 709 Magna
1058 628 1209 693 mercede
1221 628 1288 710 pia-

167 741 250 805 bunt
262 742 361 804 Errm
369 737 396 801 is
410 736 534 801 rabiem
548 742 582 800 et
593 742 740 801 nestrum
754 735 932 800 violasse
948 739 1129 816 parentem.
1150 741 1287 812 laam:

169 848 323 912 Vulnera
347 851 381 909 et
397 844 576 908 exhaustas
600 861 699 908 saeue
717 841 897 907 certamine
914 841 1002 909 vires
1023 842 1076 907 Ac
1093 842 1287 908 minimum

168 954 266 1018 laetis
303 957 441 1016 iixcnsat
464 950 595 1015 fidere
630 951 739 1015 rebus,
766 955 840 1016 573:
866 949 1035 1014 Hci‘tandi
1070 968 1175 1030 genus
1210 970 1288 1015 acer

170 1061 272 1124 habet
294 1058 537 1139 praecedere
563 1057 689 1146 ductor.
708 1093 750 1102 -·
766 1058 818 1122 De
835 1075 969 1120 nurnero
994 1055 1133 1135 denique
1155 1075 1288 1121 casuum

167 1166 323 1232 infinitivi
347 1185 464 1245 sequor
481 1165 626 1231 virerum
651 1162 886 1244 grammaticae
904 1163 1149 1242 comparativae
1167 1163 1288 1228 studic-

169 1293 278 1339 scrum
311 1272 469 1354 imprimis
494 1271 666 1336 Wilheimi
701 1270 899 1335 sententiam
935 1270 1017 1334 adeo
1047 1274 1085 1333 ut
1107 1269 1288 1334 infinitivus

168 1381 309 1446 emnium
338 1398 472 1444 casuum
496 1377 625 1444 vicibus
660 1370 753 1458 fungi
776 1395 873 1458 posse
898 1388 1058 1443 censeam.
1106 1373 1201 1459 Quod
1226 1396 1288 1457 qim

168 1487 299 1552 facilins
334 1487 552 1566 intellegatur
587 1505 645 1565 per
681 1490 787 1551 totam
821 1483 907 1549 hanc
944 1484 1168 1576 quaestionem
1206 1482 1289 1549 illud

172 1593 322 1658 'Kransei
369 1595 479 1674 (quem
519 1592 697 1671 praecipue
747 1573 788 1655 in
824 1590 1033 1672 disponenda
1063 1576 1205 1656 materia
1223 1650 1226 1658 .
1241 1585 1288 1656 Se-

174 1706 270 1764 cutus
287 1699 371 1781 snm)
396 1699 573 1764 tenendum
597 1699 723 1778 partam,
749 1698 798 1776 „si
822 1699 951 1777 errando
976 1698 1109 1763 nummu
1134 1697 1183 1765 sit,
1194 1718 1289 1778 quem

169 1805 332 1870 infinitivo
372 1805 524 1870 alicunde
564 1812 640 1885 apte
686 1805 869 1870 tribuamus
913 1824 1039 1880 casum,
1085 1795 1290 1889 circumspici

170 1918 332 1992 npmtere,
358 1911 413 1992 qui
429 1911 573 1977 indidem
591 1911 741 1992 suspensi
765 1930 862 1976 casus
882 1911 1098 1978 inveniantur
1114 1908 1287 1987 rreminnm,

168 2019 332 2085 nernimnn
356 2037 452 2084 casus
466 2018 493 2082 si
509 2037 574 2082 nnn
589 2018 812 2096 inveniantur,
838 2019 881 2083 ad
894 2022 1137 2109 structurarum
1150 2017 1288 2084 aliarum

169 2127 300 2190 decurri
325 2125 604 2191 similtudinem.

257 2340 409 2419 Denique
426 2341 460 2404 in
476 2340 653 2404 afferendis
669 2339 750 2404 lucis
766 2341 894 2406 Lucani
916 2332 1049 2405 secutus
1073 2359 1144 2406 sum
1154 2323 1302 2406 chcri'

172 2447 347 2511 editionem
371 2467 401 2511 a.
428 2455 510 2514 mes
534 2448 658 2528 piiblici
677 2449 762 2531 J'uris
786 2447 918 2523 factam,
942 2447 976 2510 in
993 2446 1144 2512 versibus
1161 2447 1289 2514 Valerii

171 2553 400 2618 enumerandis
417 2551 576 2631 Thilanis
601 2554 635 2619 in
651 2556 815 2620 laudande
841 2553 920 2620 snio
934 2552 1089 2634 Rupertii
1103 2552 1287 2622 editionem.
