2926 4936
656 1040 807 1122 vlrn:

263 1236 376 1302 Natus
388 1254 459 1299 sum
474 1237 499 1301 J
501 1253 624 1301 oannes
639 1236 851 1317 Reginordus
867 1236 1018 1303 Schmidt
1030 1236 1300 1316 Brandenburgii

172 1362 202 1410 a.
228 1344 259 1411 d:
283 1344 332 1409 X.
357 1342 430 1408 Oal.
456 1343 526 1409 Jul.
552 1362 581 1408 a.
606 1344 638 1410 b.
663 1362 688 1409 s.
706 1341 790 1410 LVI
813 1348 908 1423 patre
928 1344 1082 1419 Alberto,
1100 1343 1297 1423 organoedo‚

172 1456 207 1516 et
232 1456 339 1516 matre
364 1449 558 1514 Friederiea
582 1469 600 1513 e
624 1449 947 1532 g·e11teStei11‚quos
971 1451 1078 1515 adlme
1102 1449 1300 1529 superstites

172 1576 375 1638 magnopere
414 1557 552 1636 gaudeo.
599 1555 715 1620 Fidem
746 1558 903 1636 profiteor
927 1556 1162 1637 euangelicam.
1210 1555 1300 1621 Lite-

172 1683 285 1728 rarum
310 1662 481 1727 elementis
496 1662 651 1742 priuatim
668 1662 813 1726 imbutus
837 1663 903 1727 adii
927 1664 1136 1744 gpnmasium
1160 1662 1300 1730 ririoum

171 1770 506 1849 Bramlenlmrgense.
554 1768 607 1832 lbi
624 1788 701 1833 rere
726 1789 756 1836 a.
774 1770 805 1834 l1.
824 1788 847 1834 s.
866 1769 1047 1835 LXXVH
1071 1769 1294 1834 testimouium

173 1876 377 1941 maturitatis
394 1876 534 1957 adeptus
557 1877 590 1940 iu
615 1876 815 1942 academiam
829 1876 1073 1956 'lbrbingeusem
1099 1896 1149 1940 me
1174 1877 1298 1940 contuli

171 1983 380 2065 philologieis
415 1984 532 2049 studiis
557 2004 686 2065 opermu
713 1986 860 2061 daturus,
898 1983 952 2048 ubi
990 2003 1048 2063 per
1083 2002 1140 2048 sex
1171 2002 1298 2048 menses

172 2090 293 2156 scholis
309 2091 448 2157 interfui
472 2111 525 2157 ru.
542 2092 594 2156 dd.
614 2093 729 2167 lilaeh,
756 2093 913 2168 Hellana,
939 2093 978 2156 de
1003 2092 1132 2167 Keller,
1158 2090 1296 2169 lliluer,

171 2199 342 2265 Solrwabe.
395 2200 478 2263 Tum
501 2198 649 2277 Lipsiam
674 2204 901 2277 transgressus
937 2219 995 2278 per
1020 2199 1085 2263 tria
1121 2198 1294 2262 semestria

140 2389 141 2392 Ἴ
170 2304 380 2382 frequentari
404 2304 534 2367 sellulas
558 2322 612 2367 vr.
639 2303 691 2367 dd.
717 2303 946 2380 Biedermaun,
971 2306 1115 2380 Braune,
1142 2303 1287 2377 (liutius,

171 2406 329 2490 Goeriug,
354 2409 482 2487 Lange,
507 2408 652 2489 Larrger.
677 2407 819 2487 Lipsius,
846 2409 984 2487 blaseius,
1012 2410 1105 2484 Paul,
1128 2408 1289 2472 Ribbeck.

171 2515 301 2596 doudel,
323 2515 487 2581 Zarnoke.
516 2514 666 2592 llenique
679 2513 829 2593 pmsoliali
841 2519 986 2594 tempore
1000 2535 1029 2578 a.
1045 2516 1073 2578 ll,
1090 2533 1114 2578 s.
1129 2515 1294 2578 LXXIX

169 2621 278 2686 Halas
301 2640 354 2685 me
378 2620 511 2697 contuli,
538 2625 576 2685 ut
598 2620 652 2697 ibi,
680 2620 706 2684 si
735 2619 806 2683 fieri
835 2626 956 2700 posset,
986 2622 1029 2685 ad
1057 2621 1153 2684 tinem
1177 2621 1295 2701 perdu-

170 2746 276 2791 oerem
302 2727 412 2792 studia
428 2747 535 2799 meam
552 2727 665 2807 Atque
678 2727 790 2792 almiri
803 2728 911 2792 iuliae
929 2727 1146 2793 universitate
1163 2728 1295 2792 scholas

169 2852 224 2900 vv.
250 2833 303 2901 dd.
328 2834 529 2917 Beysohlag,
561 2836 743 2911 Erdruann,
769 2835 891 2916 Haym,
908 2835 1138 2915 H'epdemann,
1170 2833 1293 2910 Hiller,

169 2939 259 3023 Keil,
284 2940 439 3023 Kramer,
464 2942 554 3023 Pota,
579 2942 706 3023 Riebm
730 2942 765 3006 J.
790 2941 926 3006 Zaober,
953 2942 998 3006 K.
1024 2942 1163 3005 Zaolrer.
1189 2939 1293 3019 Regii

170 3046 336 3113 seminarii
358 3049 472 3128 philol.
498 3049 576 3112 Hal.
603 3049 662 3112 sub
691 3047 846 3127 auspiciis
876 3068 929 3113 vr.
960 3047 1013 3112 dd.
1040 3050 1051 3111 l
1073 3047 1289 3129 itteubergor.

169 3153 289 3230 Hiber,
318 3153 398 3217 Keil
426 3154 574 3218 tlorentis
605 3174 664 3234 per
693 3154 755 3218 duo
785 3154 957 3218 semestria
990 3155 1112 3218 sodalis
1138 3155 1186 3219 sui
1210 3153 1293 3219 ordi-

168 3259 291 3335 narius,
316 3247 559 3341 arehaeologiei
574 3260 766 3341 Lipsiensis,
793 3261 845 3325 oui
868 3265 1003 3341 praeest
1027 3260 1213 3343 (lverbeok,
1239 3280 1293 3324 ex-

169 3365 410 3432 traordinarius
422 3386 482 3448 per
494 3386 552 3431 sex
565 3386 701 3434 menses.
728 3370 912 3433 Praeterea
925 3369 1047 3450 Hiller,
1065 3369 1156 3444 Keil,
1174 3369 1292 3448 l'iange

168 3479 206 3537 ut
227 3472 445 3555 philologieis,
481 3474 713 3556 Biedemmum,
746 3476 887 3551 Bramme,
919 3478 952 3542 J.
979 3477 1109 3540 Zaolrer
1138 3480 1176 3539 ut
1205 3476 1292 3540 theo-

169 3579 267 3645 distis
291 3580 506 3647 societatibus
530 3581 723 3647 interessem
747 3583 888 3659 senione
907 3583 1134 3662 permiserunt.
1162 3581 1291 3664 Quibus

168 3687 249 3752 viris
273 3686 421 3754 omnibus
446 3687 566 3768 optime
583 3689 623 3753 de
636 3707 686 3752 me
700 3688 825 3752 meritis
837 3690 996 3770 imprimis
1009 3695 1117 3754 mitem
1131 3690 1291 3753 Eduardo

168 3794 280 3859 Hiller
314 3794 369 3875 qui
404 3794 514 3860 staulia
542 3814 615 3860 mea
639 3813 764 3859 summa
788 3814 859 3860 oum
885 3816 965 3861 eura
991 3817 1030 3861 uo
1053 3795 1291 3861 benevolentia

168 3898 253 3967 fouit
276 3906 433 3981 quantum
458 3902 594 3968 debeam
617 3920 779 3982 nunquam
805 3903 992 3970 obliviscar.

487 4419 748 4509 'elildolllmusiy'pu
763 4430 784 4497 l.
798 4417 970 4496 ril'sllslnool
