2926 4936
167 365 209 430 28

167 545 311 612 meiius:
337 547 448 626 7348:
473 538 617 608 Parcere
642 536 739 607 clietis
779 538 831 607 Sit
853 533 979 606 melino.

166 686 299 738 meum:
323 675 436 746 dode:
461 668 670 749 Pugnantem
695 667 916 735 cecidissem.
942 676 1002 736 est.

166 814 247 881 par:
280 801 409 870 16,539:
444 791 647 858 Concurrere
674 793 790 858 animis
814 796 945 874 quantis
970 799 1146 880 confligere
1170 821 1201 881 p.
1227 806 1291 865 est.

167 921 401 1005 postremum:
431 925 555 994 mace:
581 917 691 984 Multo
708 918 849 999 optimus
865 920 922 986 ille
947 923 1092 991 Militiae
1117 925 1168 990 cui
1184 933 1291 1006 postu.

300 1030 352 1091 est
373 1027 576 1107 primumque
600 1026 687 1092 tueri
715 1029 810 1092 inter
833 1029 922 1094 bella
944 1031 1050 1096 fidem.

166 1152 337 1236 primum:
365 1157 499 1229 laele:
525 1151 747 1232 Restinguere
771 1152 909 1233 primum
934 1162 986 1220 est

299 1258 442 1324 Italiam.
469 1258 655 1336 cf.14,1ee‚

166 1399 333 1468 pronum:
366 1390 498 1461 13,383:
530 1383 602 1447 Nec
622 1401 759 1464 pronum
795 1385 929 1451 audenti
964 1387 1090 1453 virtute
1126 1388 1292 1454 excellere

301 1509 461 1571 culquam.

167 1633 290 1698 segne:
316 1621 428 1694 3‚350:
453 1614 591 1679 Addere
616 1617 705 1680 sulco

301 1721 432 1789 Semina
457 1727 491 1787 et
513 1722 672 1802 impresso
696 1725 849 1789 tellurem
874 1725 1013 1792 verdere
1037 1731 1149 1792 aratro

301 1830 410 1911 Segne
434 1829 523 1897 viris

167 1960 289 2041 turpe:
316 1962 427 2031 alra:
453 1955 491 2021 Τ.
518 1955 593 2020 duci
617 1961 718 2021 totam
743 1975 852 2021 sonmo
878 1976 1068 2023 consumere
1092 1962 1232 2024 noctem.

116 2070 117 2074 ¹
167 2083 302 2148 tutum:
331 2087 462 2157 14,333:
488 2080 696 2164 (Foramina)
720 2099 780 2160 per
804 2100 887 2161 uriae
912 2081 1112 2147 confundere
1136 2081 1205 2147 tela

301 2187 424 2252 'dutum
446 2190 528 2252 erat.

212 2312 742 2394 Acceduntnonnnllaparticipia,
755 2313 992 2395 adjectivorum
1001 2313 1108 2378 instar
1114 2319 1292 2394 usurpata:

168 2441 305 2520 notum,
330 2438 508 2519 ignotum:

257 2563 316 2630 Sil.
343 2569 454 2640 7340:
482 2561 572 2647 (eui)
598 2571 710 2628 notum
734 2581 844 2628 somno
869 2567 982 2628 noctes
1011 2581 1163 2642 aequare.

198 2708 205 2727 ·
257 2689 315 2756 sil.
343 2694 454 2766 4‚793:
479 2687 540 2753 Oui
563 2688 679 2767 fugere
704 2687 863 2768 ignotum.

168 2815 332 2881 solitum:
359 2818 472 2889 9372:
498 2813 575 2877 Non
598 2812 665 2877 illis
689 2832 713 2878 s.
740 2812 887 2892 crispare
911 2811 1050 2876 hastilia
1075 2831 1197 2892 campo.
1311 2895 1314 2902 Α

168 2942 323 3021 suetum,
348 2937 597 3004 inadsuetum:

261 3069 370 3140 12,de
396 3060 478 3145 Quis
502 3062 629 3142 gelidas
653 3083 677 3127 s.
703 3065 817 3126 noctes
840 3061 976 3125 thorace
1000 3060 1151 3140 gravatis

305 3170 372 3237 Sub
389 3171 477 3237 Jove
501 3189 566 3235 non
589 3188 692 3250 aequo
717 3169 851 3233 trahere
876 3172 918 3231 et·
934 3167 1077 3231 tentoria
1102 3185 1201 3247 saepe

302 3280 476 3360 Spernere.

259 3393 371 3463 3,236:
397 3383 561 3464 Vestigia,
586 3383 674 3448 unda
698 3381 852 3462 sinusque

303 3491 445 3574 Cingere
469 3490 687 3556 inadsuetum.

589 3722 625 3810 b)
650 3723 876 3804 genetivus

216 3872 314 3937 Hunc
344 3889 437 3936 usum
473 3874 506 3933 et
535 3867 623 3948 apud
650 3865 777 3947 priscos
801 3864 979 3946 scriptores
1014 3867 1049 3927 et
1082 3861 1116 3926 in
1153 3860 1294 3927 classico

170 3997 328 4055 sermone,
364 3994 556 4057 quamquam
579 3990 715 4055 perraro
741 3975 976 4048 occurrentem,
1006 3969 1068 4034 duo
1098 3969 1175 4052 adjj.
1206 3968 1296 4048 apud

169 4089 299 4151 nostros
322 4084 498 4166 praebent:

168 4211 277 4278 lentio

259 4319 340 4384 Luc.
367 4323 479 4394 milo:
504 4315 680 4382 moisen
705 4319 758 4378 est
780 4309 862 4376 lenti
892 4309 1059 4390 qrreesiese
1083 4311 1266 4375 nocentem.
