2926 4936
223 364 284 427 llo

219 537 349 604 mucida
383 543 443 603 aut
476 537 597 605 vitiosa
623 536 749 603 reicere
781 556 847 619 eqs.
872 535 1005 623 Apul.¹)
1028 538 1112 605 Met.
1150 547 1240 618 223:
1278 539 1346 606 Sed

219 646 301 711 heras
335 645 466 729 juvenis
505 665 586 712 eave
633 645 811 726 diligenter
856 645 1040 727 principum
1091 646 1240 714 civitatis
1285 647 1345 713 filii

222 754 367 818 cadauer
384 773 402 817 a
419 753 514 817 malis
530 752 693 835 Harpyiis
708 753 810 832 probe
828 753 1002 819 custodias.
1027 753 1187 837 Ineptias
1201 753 1343 834 iuquam,

221 859 300 925 mihi
323 878 442 925 narras
468 865 503 925 et
529 877 635 941 nugas
659 878 776 924 meras.
809 859 933 927 Videre
957 860 1118 925 lrorninem
1143 860 1287 925 terreum
1311 867 1346 927 et

220 967 399 1033 insomnem
435 973 525 1032 certe
554 966 827 1048 perspicaciorem
850 967 920 1046 ipso
951 968 1065 1048 Lyaeo
1100 969 1155 1033 vel
1185 967 1279 1049 Argo
1312 974 1346 1033 et

221 1075 370 1140 oculeum
404 1078 519 1140 totum.
543 1074 622 1140 ibid.
651 1080 743 1151 6‚10:
783 1072 918 1140 Videris
953 1074 1036 1138 euim
1072 1074 1151 1139 mili
1189 1080 1257 1141 tam
1293 1077 1346 1141 de-

221 1181 334 1247 formis
369 1181 491 1247 ancilla
525 1182 614 1246 nullo
651 1180 715 1247 alio
763 1182 820 1245 sed
851 1187 980 1246 tantum
1016 1182 1129 1246 sedulo
1165 1182 1344 1248 ministerio

221 1293 386 1355 amatores
409 1293 484 1355 tuos
507 1288 696 1369 promereri,
718 1289 787 1371 jam
811 1294 846 1353 et
862 1288 934 1368 ipsa
957 1289 1088 1369 frugem
1104 1294 1196 1355 tuam
1215 1289 1345 1370 pericli-

220 1397 328 1466 tabor.
374 1396 573 1461 Discernere
598 1396 755 1461 seminum
786 1395 924 1461 istorum
959 1396 1144 1476 congeriem
1177 1397 1346 1478 passivam

222 1503 424 1585 singulisque
437 1503 552 1583 granis
569 1503 632 1568 rite
650 1503 817 1584 dispositis
833 1512 933 1584 atque
950 1504 1136 1585 segregatis
1153 1514 1230 1569 ante
1246 1503 1345 1569 istam

223 1628 397 1692 vesperum
416 1629 496 1691 opus
513 1611 702 1692 expeditum
719 1612 857 1691 probato
874 1611 962 1676 mihi.
989 1610 1105 1676 Claud·
1122 1618 1239 1689 litlot
1253 1631 1344 1692 squ:

220 1719 269 1786 Hi
313 1724 428 1784 nostra
473 1718 594 1783 nitidos
629 1724 740 1798 postes
776 1719 939 1784 obducere
974 1724 1082 1801 myrto
1114 1717 1344 1786 Contendant:

220 1846 299 1909 pars
323 1826 489 1892 nectareis
514 1825 714 1905 adspergere
739 1831 829 1890 terta
852 1827 1015 1891 Fontibus
1041 1831 1075 1891 et
1098 1825 1229 1890 flamma
1253 1827 1345 1891 lucos

221 1935 354 2001 adolere
383 1933 538 1999 Sabaeos
556 1970 599 1978 -
617 1933 664 1997 bt
699 1938 809 1998 autem
844 1933 923 1999 trudi
957 1933 1119 2000 Irrtinitiui
1154 1933 1209 2013 qui
1244 1934 1346 1998 talem

221 2042 385 2107 notionem
397 2040 626 2121 imperativam
639 2041 795 2106 exhibent
806 2041 1003 2122 imperativi
1015 2042 1117 2107 actiui
1127 2042 1234 2105 instar
1247 2039 1347 2121 positi

222 2150 376 2217 videntur
399 2148 447 2213 ita
462 2149 575 2215 Acc⁰³.
601 2169 627 2215 c.
652 2149 686 2213 J.
713 2149 865 2215 similiter
888 2156 1062 2230 usurpatos
1086 2147 1210 2229 passivi
1239 2147 1346 2228 Impe-

222 2257 324 2323 rativi
347 2257 437 2323 tices
462 2256 625 2321 sustinere
649 2261 738 2337 puto.
765 2258 866 2322 Tales
890 2258 972 2322 Aca
999 2275 1025 2322 c.
1050 2257 1084 2321 J.
1110 2256 1191 2320 diros
1215 2258 1345 2321 tantum

222 2363 347 2431 inueni:
361 2365 461 2432 Varr.
476 2365 516 2430 n.
530 2365 571 2429 n.
591 2371 693 2442 l‚3l‚l
708 2364 876 2449 (usupraz
892 2364 946 2443 „id
959 2401 1000 2410 -
1016 2360 1136 2447 lieri.“)
1151 2367 1226 2429 etl:
1241 2360 1346 2427 Omne

222 2472 445 2552 pabulum...
481 2470 610 2553 viciam,
646 2471 822 2537 novissime
856 2471 988 2536 foenum
1024 2470 1139 2537 secari.
1188 2468 1346 2535 Ceterum

224 2577 374 2643 conferas
398 2596 481 2657 quae
513 2578 714 2643 Wilhelmus
740 2578 776 2662 (l.
802 2580 823 2643 l.
848 2597 903 2659 pg.
922 2579 978 2662 90)
1003 2578 1043 2643 de
1067 2579 1129 2643 hac
1153 2576 1346 2658 ‹praestione

223 2684 415 2766 disputavit.

322 2968 353 3038 ll.
380 2970 424 3037 lle
450 2970 526 3040 dcc.
552 2989 582 3046 o.
609 2971 668 3041 lnf.
696 2974 725 3040 ln
752 2971 1050 3040 exclamationibus
1076 2969 1248 3054 usurpato.

269 3133 323 3197 De
346 3133 408 3197 boc
433 3151 493 3198 usu
518 3133 559 3198 ct.
584 3136 767 3216 Dr.ng
794 3142 856 3200 305
882 3153 928 3213 sq.
954 3139 985 3200 et
1008 3134 1121 3198 llll]
1148 3150 1195 3211 sq.
1242 3129 1346 3212 Apud

223 3244 352 3306 nostros
375 3241 457 3305 haec
485 3244 614 3306 tantum
639 3243 788 3322 exenmla
811 3241 938 3307 iuveni:

312 3366 394 3432 Luc.
421 3364 562 3452 odiit-i:
588 3366 708 3432 Mundi
728 3367 797 3449 Jam
821 3384 945 3431 summa
969 3371 1136 3430 tenentem

357 3473 551 3538 Permisisse
575 3474 668 3556 niani,
704 3474 740 3552 (i.
765 3493 792 3538 e.
818 3493 858 3537 ex
883 3473 1023 3538 Weberi
1057 3469 1343 3552 interpretatione,

224 3600 319 3662 quam
354 3580 564 3645 temerarium
600 3599 678 3661 ergo
713 3581 778 3646 fnit
801 3601 874 3646 etim
896 3581 980 3646 mari
1004 3599 1039 3644 se
1063 3578 1267 3643 corrnnittere
1290 3575 1347 3656 qui

223 3687 342 3753 mundo
365 3686 586 3768 imperaturus
610 3694 662 3754 est
672 3691 704 3772 il.

315 3957 336 4025 ¹)
373 3958 498 4025 Utroque
530 3960 588 4012 loco
620 3958 702 4028 Apul.
735 3977 784 4028 pro
813 3959 874 4013 Inii'.
911 3958 1050 4026 t,‚ri‹ler·c“
1084 3964 1113 4010 et
1141 3954 1345 4022 ‚‚‹lisce1·nere“)

224 4047 442 4115 Epscnhardtius
462 4048 649 4116 imperativus
674 4052 702 4102 in
722 4056 832 4102 textum
852 4052 955 4116 recepit
976 4054 1072 4101 (eontra
1092 4047 1190 4100 codicis
1209 4045 1232 4098 F
1251 4044 1346 4111 (quem

225 4138 312 4191 solum
331 4139 360 4190 in
378 4136 491 4206 Apuleji
511 4142 623 4206 scriptis
643 4139 815 4192 emendandis
835 4141 910 4204 scorti
931 4155 997 4205 opus
1017 4153 1076 4190 esse
1096 4138 1202 4204 primns
1221 4135 1258 4188 H.
1279 4134 1344 4189 Keil

224 4230 354 4297 cognorit
378 4228 546 4294 dilucideque
569 4230 782 4295 demonstrarit)
808 4234 1019 4300 ceterorumque
1038 4242 1072 4279 ex
1092 4242 1123 4278 eo
1143 4225 1345 4291 descriptorum

225 4317 345 4372 codicum
364 4319 538 4391 scripturam,
