2926 4936
172 255 190 326 6

172 457 290 504 aevum
313 432 503 520 procreavit
526 429 558 504 in
581 428 709 503 dicendi
735 428 903 519 elegantia
927 440 1025 519 atque
1050 443 1170 504 ornatu
1193 431 1292 519 lotide

171 544 348 611 luminibus
371 545 438 610 illis
461 545 569 625 poesis
593 547 771 621 ltonranae,
797 544 956 626 Vergilio,
982 545 1134 622 Horatio,
1161 546 1291 619 tlvitlio,

171 652 245 717 aliis
260 651 316 733 qui
330 651 396 717 illis
413 651 591 718 t'ortunatis
616 651 817 734 temporibus
842 653 1005 717 florebant
1029 673 1126 733 ‹qrrum
1149 662 1292 735 „pacata

171 779 207 824 re
223 759 357 841 publica
373 759 519 839 (11661166
542 758 758 840 gravitasque
782 759 873 825 etin
896 759 1040 825 morilms
1065 760 1148 825 etin
1171 760 1292 825 litteris

172 872 276 944 erat‘,
295 867 422 943 cedere,
441 873 549 931 tamen
565 872 700 950 propter
712 865 864 930 dictionis
877 865 1034 930 idiomata
1049 867 1291 947 novitatemque

170 973 327 1055 pingendi
343 974 458 1040 summi
473 973 628 1038 mmnenti
645 992 717 1038 esse
734 973 856 1038 debent
879 972 1027 1038 onmilms
1052 974 1094 1038 ad
1116 973 1291 1039 universae

172 1079 297 1146 latinae
321 1080 455 1161 linguae
480 1063 701 1159 cognitionem
719 1080 893 1160 pervenire
918 1079 1109 1145 nitentibus
1151 1079 1291 1145 Omnino

172 1191 284 1253 autem
307 1207 423 1268 parum
447 1187 496 1252 illi
520 1180 640 1266 poetae
664 1206 723 1268 pro
748 1188 926 1253 carnninum
951 1187 1125 1268 dignitate,
1149 1188 1182 1252 id
1207 1189 1293 1268 quod

170 1293 270 1359 valde
298 1293 473 1359 dolendum
497 1301 557 1370 est,
595 1293 701 1359 adhuc
736 1294 847 1359 studia
881 1314 935 1361 vr.
972 1296 1025 1361 dd.
1062 1303 1291 1361 exercuerunt.

172 1397 267 1483 Quae
279 1400 445 1481 neglectiq'
457 1399 566 1480 aliquo
584 1388 678 1480 mode
691 1401 968 1466 ferenrlavidetur
983 1402 1016 1466 in
1029 1402 1069 1467 iis
1082 1402 1291 1479 carminibus

174 1525 268 1588 quae,
289 1507 381 1590 justa
404 1499 562 1584 librorum
586 1508 883 1588 manuscriptorum
907 1509 1097 1575 recensione
1122 1529 1212 1576 avv.
1238 1510 1291 1574 dd.

172 1613 279 1680 adhuc
314 1615 457 1680 nondum
491 1614 667 1691 instituta·
692 1615 818 1679 mendis
846 1615 1026 1681 abundant.
1074 1616 1183 1682 Valde
1215 1636 1291 1683 vero

171 1726 305 1802 stupere
322 1721 487 1797 debenms,
513 1722 598 1802 6661
615 1721 647 1785 16
664 1741 775 1787 eorum
791 1740 918 1802 quoque
934 1727 1104 1802 poetarum
1126 1723 1291 1805 syntaxin,

171 1848 307 1909 quorum
336 1829 481 1895 carmina
518 1828 605 1894 curis
629 1827 752 1893 criticis
788 1848 884 1908 quarn
913 1829 1179 1895 emendatissima
1203 1841 1290 1907 sunt,

170 1955 264 2001 nemo
281 1936 350 2002 iere
367 1954 469 2016 usque
493 1936 536 2000 ad
552 1941 699 2000 nostrum
716 1940 845 2016 tempus
862 1934 1056 2016 diligentius
1072 1935 1290 2016 inquisiverit.

259 2039 334 2125 Qua
363 2043 403 2108 de
428 2060 528 2108 causa
551 2061 611 2118 me,
641 2042 702 2122 lroc
726 2041 839 2106 libello
868 2043 1055 2108 {accuratius
1091 2045 1131 2108 (16
1156 2064 1292 2125 usurpa·

170 2150 259 2216 tione
293 2149 447 2216 infinitivi
476 2148 670 2231 syntectica
688 2148 795 2229 qualis
818 2149 1007 2216 inveniatur
1030 2150 1064 2215 in
1091 2150 1290 2216 carminibus

169 2256 304 2322 Annaei
326 2257 464 2333 Lucani,
500 2249 778 2333 Valerii'Flacci,
815 2255 888 2322 snit
911 2258 1025 2324 Italici
1049 2259 1104 2342 (de
1127 2257 1290 2323 infinitivo

176 2362 328 2429 Statiano
346 2363 387 2429 cf.
403 2362 519 2428 Lolrrii
535 2361 802 2427 dissertationem
818 2364 1061 2444 inauguralern:
1081 2366 1121 2429 (16
1134 2364 1288 2430 infinitivi

175 2470 263 2552 apud
279 2466 318 2534 P.
343 2469 519 2549 Papirium
543 2468 687 2534 Statium
713 2475 748 2534 et
770 2470 795 2534 J
797 2471 971 2535 uvenalem
995 2489 1065 2536 usu.
1114 2470 1292 2552 Marburgi

174 2575 284 2661 1876.)
307 2575 496 2642 accuratius
520 2574 681 2642 disserere
705 2581 858 2641 conatum
883 2595 988 2657 neque
1011 2577 1161 2644 inutilem
1185 2596 1290 2658 neque

170 2682 411 2749 infructuosum
434 2683 579 2748 laborem
604 2681 787 2763 suscepisse
811 2683 948 2750 confido.

258 2791 347 2856 Nam
381 2789 415 2854 id
450 2790 535 2870 quod
571 2807 671 2870 supra
707 2789 856 2866 diximus,
893 2790 967 2856 aevi
1000 2791 1151 2872 argentei
1174 2796 1291 2872 poetas

170 2896 266 2963 nimis
301 2916 403 2979 usque
439 2896 481 2963 ad
516 2897 577 2961 hoc
601 2905 728 2977 tempus
750 2915 809 2977 pro
835 2897 1014 2962 carminum
1050 2898 1214 2978 dignitate
1237 2917 1291 2962 ne·

169 3006 300 3087 glectos
317 3024 398 3083 esse,
416 3004 573 3085 imprimis
589 3004 623 3069 in
640 3004 749 3084 epicos
765 3004 886 3069 latinos
903 3003 959 3084 qui
973 3005 1007 3068 Ιυ
1031 3024 1061 3085 p.
1076 3004 1153 3069 Chr.
1180 3005 1289 3069 seculo

170 3111 354 3178 floruerunt
377 3113 530 3192 quadrat.
577 3112 626 3176 Ut
649 3111 733 3176 enim
751 3111 900 3177 omittam
918 3131 1029 3176 curam
1048 3111 1196 3176 criticam
1214 3111 1290 3176 Thi·

169 3219 255 3284 lonis
278 3219 311 3284 in
327 3219 485 3285 Flaccum
503 3223 537 3283 et
553 3217 678 3294 Silium,
703 3219 845 3284 Useneri
857 3218 891 3282 in
903 3219 1074 3284 Lucanum
1087 3217 1289 3300 aliorumque

169 3325 299 3392 libellos
316 3327 370 3406 qui
394 3327 448 3392 vel
474 3325 603 3391 codices
626 3325 757 3391 illorum
780 3331 952 3406 poetarum
981 3332 1137 3391 scemate
1161 3343 1288 3404 compa-

168 3438 283 3499 rantes
306 3434 450 3514 gennirra
472 3439 644 3514 poetarum
669 3434 773 3498 verba
797 3433 975 3498 restituere
1000 3433 1109 3498 conati
1133 3437 1210 3497 sunt
1236 3433 1288 3498 vel

169 3540 209 3605 de
232 3540 388 3616 fontibus,
414 3539 554 3620 scriptis,
583 3539 715 3621 ingenio
739 3540 870 3605 illorum
894 3540 927 3604 in
955 3540 1144 3606 universum
1180 3538 1288 3618 dispu-

168 3651 338 3724 taverunt,
364 3646 624 3732 (ci.Huebne1·i‚
651 3647 855 3722 „Grundri'ss
879 3667 918 3711 zu
932 3647 1163 3725 Vorlesungen
1187 3645 1288 3711 ueber

169 3772 269 3819 roem.
285 3752 673 3835 Literaturgesclriclrte‘³
700 3760 794 3819 leus.
812 3772 889 3833 pige.
908 3758 980 3818 145.
1000 3758 1073 3818 148.
1093 3757 1165 3817 150.
1185 3751 1286 3836 336.),

167 3878 262 3925 nemo
287 3860 393 3926 adhuc
418 3861 458 3925 (16
482 3860 699 3942 grarnmatiea
723 3860 852 3923 ratione
877 3878 941 3938 qua
963 3859 1012 3923 illi
1035 3858 1069 3922 in
1087 3858 1286 3924 carminibus

168 3966 236 4033 suis
259 3967 311 4032 usi
334 3967 402 4032 sint
424 3968 613 4033 accuratius
638 3966 795 4030 disseruit
817 3973 950 4046 praeter
973 3964 1191 4030 Bertlroldum
1208 3966 1286 4048 („de

167 4073 297 4139 Lucani
321 4071 708 4140 elocutione‘Grirnrnae
736 4080 829 4139 1878.
854 4079 901 4138 4.:
927 4071 1004 4138 diss,
1030 4071 1285 4152 disputationem

169 4181 210 4245 de
238 4181 414 4246 verborum
441 4179 556 4261 liguris
588 4180 783 4264 continens),
810 4178 1018 4244 Koerberurn
1047 4179 1276 4265 1,,(161616661
