2926 4936
1205 483 1267 547 103

234 658 312 728 Val.
339 655 504 744 7,319†*:
544 657 594 723 Ac
630 676 734 738 neque
770 657 834 742 (se)
866 657 935 739 jam
970 661 1067 739 turpe
1103 675 1268 722 cessuram

280 785 409 846 semper
425 765 527 830 amori
550 765 741 830 Proclamat
756 783 861 844 neque
878 783 971 845 opem
987 763 1099 845 ignoto
1116 763 1268 844 viresque

281 874 442 939 daturam.

191 999 243 1064 De
267 998 317 1062 his
342 1003 457 1063 struct.
483 998 543 1062 Dr.
568 1016 599 1077 p.
619 1004 683 1062 375
708 997 790 1060 haee
815 995 962 1062 disserit:
995 995 1268 1075 ,1111111111-

148 1105 277 1186 gumein
289 1103 544 1185 gebraueohlich
561 1141 608 1180 -—·‚
627 1103 690 1167 seit
706 1103 780 1168 Liv.
799 1103 1029 1183 1111111110.ιι
1056 1099 1130 1184 Qua
1146 1101 1179 1167 in
1196 1120 1266 1167 sen-

150 1212 256 1278 tentia
280 1211 461 1290 acquiesco,
487 1229 584 1290 quum
609 1209 827 1290 antiquiorem
851 1209 957 1274 locum
981 1227 1077 1288 quarn
1100 1205 1174 1274 Liv.
1199 1216 1267 1286 1,26

130 1319 203 1385 ubi
238 1320 320 1383 haee
351 1323 472 1382 constr.
504 1322 658 1382 occurrat
692 1336 756 1381 non
789 1316 980 1382 invenerim.
1021 1315 1173 1380 Ceterum
1209 1316 1270 1380 Dr.

148 1427 298 1507 exempla
314 1444 377 1489 non
395 1423 520 1500 attulit,
546 1423 658 1504 itaque
683 1425 783 1490 acido:
802 1423 1044 1504 (proclamozi
1073 1421 1149 1488 Vel.
1177 1420 1269 1486 Max,

148 1533 248 1618 (teste
267 1530 421 1615 Georgi:
447 1533 640 1595 Proclamat
659 1550 694 1595 se
710 1531 917 1596 innocentem
934 1528 1082 1610 opprimi.
1106 1529 1198 1594 Petr.
1222 1536 1270 1595 14.

147 1642 236 1707 Just.
264 1647 349 1716 228.
364 1636 388 1721 ¹)

149 1798 432 1850 commurmuro:
1070 1863 1072 1866 y

240 1907 296 1972 Sil.
328 1904 513 1992 15‚ssai†*:
539 1905 700 1991 (Poenus)
724 1905 861 1970 inferias
884 1905 917 1969 in
942 1911 1089 1986 tempore
1114 1905 1233 1986 dignas

288 2013 470 2079 Missurum
494 2012 591 2078 fratri
616 2015 726 2078 clauso
752 2017 1006 2078 commurmurat
1030 2032 1096 2078 ore.

196 2140 310 2222 HuJus
322 2156 400 2203 usus
421 2157 441 2202 a
457 2138 518 2202 Dr.
536 2157 601 2203 non
617 2137 745 2203 laudati
762 2136 853 2202 aliud
869 2138 1053 2219 exemplum
1069 2157 1135 2203 non
1150 2137 1272 2206 iuveni.

150 2282 225 2349 fari
249 2281 299 2365 (et
323 2281 513 2363 composs):

240 2407 317 2498 Val.
337 2411 447 2483 alal:
473 2405 601 2470 Adfore
614 2405 683 2487 jam
705 2405 785 2470 luxu
801 2405 954 2486 turpique
971 2406 1122 2486 cupidine
1148 2411 1271 2486 captos,

285 2513 384 2590 Fare,
409 2513 498 2579 viros
523 2530 682 2591 carasque
707 2511 788 2576 toris
811 2511 967 2577 inducere
992 2512 1164 2578 Thressas,

241 2639 298 2705 Sil.
318 2645 430 2715 2382
454 2638 586 2703 Bellum
610 2656 645 2701 se
662 2642 796 2718 gestare
820 2637 893 2701 sinu
909 2656 1088 2718 pacemque
1111 2637 1272 2718 profatus

195 2764 328 2829 Neutra
363 2767 480 2827 struet.
517 2783 537 2827 a
565 2763 626 2826 Dr.
667 2762 833 2827 laudatur.
882 2761 1041 2828 Similiter
1080 2767 1274 2844 usurpatum

154 2869 366 2952 „praefandi“
397 2871 535 2936 verbum
563 2869 652 2934 hisce
681 2869 761 2934 loeis
785 2870 944 2935 occurrit:
974 2870 1049 2937 Liv.
1076 2874 1161 2947 21,1.
1188 2877 1273 2948 221.

150 2979 240 3044 Just.
267 2985 330 3054 7,2.
359 2984 441 3054 11,5.
478 2975 618 3041 Omnino
643 2981 751 3041 autem
776 2975 869 3041 fandi
892 2978 1029 3043 verbum
1059 2977 1121 3041 hac
1145 2976 1275 3057 quidem

151 3088 264 3151 aetate
288 3082 358 3148 iere
375 3102 440 3149 non
455 3088 650 3164 usurpatum
673 3082 775 3148 fuisse
791 3087 936 3148 testatur
961 3082 1098 3166 Quintil.
1117 3083 1274 3168 (8,3,27)ι

154 3190 323 3274 Quaedam
348 3197 465 3257 vetera
485 3189 671 3254 neressario
694 3189 827 3254 iuterim
847 3197 1029 3269 sumuntur,
1054 3195 1093 3255 ut
1115 3190 1208 3255 fari.

154 3333 235 3401 fero
260 3335 309 3418 (et
333 3333 522 3416 composs.):

241 3460 323 3525 Luc.
349 3463 461 3541 4602:
488 3456 687 3543 (Antaeum)
712 3457 850 3523 latuisse
874 3457 934 3522 sub
959 3456 1030 3522 alta

286 3567 383 3646 Rupe
407 3565 521 3630 ferunt
544 3564 659 3645 epulas
682 3568 795 3645 raptos
819 3563 973 3629 habuisse
997 3565 1119 3630 leones.

291 3677 385 3749 3,417
412 3671 502 3737 fama
524 3671 664 3736 ferebat.

243 3797 320 3865 Val.
347 3803 456 3875 &6291
483 3796 594 3861 Unum
617 3800 711 3861 tauto
735 3796 835 3862 affore
859 3801 956 3862 coetu

289 3905 362 3970 Nec
384 3904 490 3968 minus
513 3904 547 3969 in
572 3920 643 3968 sese
667 3904 799 3984 generis
824 3904 1023 3985 dextrasque
1047 3908 1200 3986 potentes

288 4013 373 4077 Esse
397 4010 518 4078 ferunt.
544 4015 642 4088 4735
668 4010 758 4076 diota
780 4009 900 4077 ferens.

246 4261 266 4331 ¹)
287 4261 329 4317 ef.
349 4261 482 4316 acclamo:
501 4261 617 4317 Phaedr.
638 4264 735 4330 5‚5‚34.
756 4261 835 4317 exet:
855 4261 918 4318 Ter.
938 4261 1010 4317 Eun.
1029 4265 1073 4318 24.
1096 4261 1175 4317 Pers.
1189 4265 1277 4330 5‚103.

155 4352 488 4420 Gell.11,19‚1.15,1a‚a
517 4353 593 4408 Just.
612 4355 683 4420 43,5.
709 4351 787 4407 reci:
812 4351 927 4406 Phaedr.
949 4349 1087 4420 [4,17.26].
1114 4351 1190 4406 Just.
1210 4356 1279 4420 242.

156 4443 281 4499 clamito:
301 4442 371 4500 Gelu
392 4445 488 4511 14,2,7.
517 4442 559 4499 De
580 4442 704 4499 omnibus
723 4442 797 4497 hisee
817 4447 916 4498 struet.
940 4458 983 4512 ap.
1002 4441 1053 4498 Dr.
1072 4441 1142 4497 nihil
1160 4444 1281 4512 repperi.
