2926 4936
177 645 399 729 promptum:
425 651 533 719 bete:
559 642 661 727 Cujus
684 663 812 708 morsus
837 646 1048 726 superaverit
1071 646 1190 727 anguis

312 752 337 816 J
339 770 391 814 am
415 769 463 830 pr.
489 749 613 832 Psyllis
637 751 691 816 uel
716 755 816 830 gustu
833 769 936 816 nosse
960 753 1089 819 veneni.

179 875 349 944 pronatum

268 972 379 1042 Abiit:
404 965 461 1029 Pr.
480 970 563 1040 erat,
589 984 606 1027 o
625 964 767 1045 juvenis,
787 985 866 1046 (puros
887 967 1002 1044 velles,
1020 967 1135 1047 inquit,
1153 967 1299 1034 inactus

310 1071 439 1136 Invitos
462 1071 625 1151 praebere
650 1071 737 1154 deos.
761 1072 803 1137 οῖ’.
829 1077 904 1140 626.

177 1180 354 1264 pulcrum:
379 1186 491 1259 9,392;
516 1177 594 1242 Pati
618 1178 673 1242 vel
697 1197 781 1258 quac
805 1179 996 1245 tristissima
1014 1165 1195 1261 pudorum}

177 1287 301 1370 turpe:
326 1292 438 1362 9,]06ε
463 1285 501 1350 Τ.
527 1284 609 1349 mori
632 1289 765 1364 postte
789 1287 857 1351 solo
882 1305 947 1351 non
969 1305 1066 1368 posse
1091 1287 1214 1355 dolore.
1306 1363 1307 1366 Ἴ

175 1394 313 1463 tutum:
1093 1446 1096 1450 i

265 1506 381 1578 8341:
406 1499 447 1562 in
472 1499 577 1564 dulcis
601 1503 709 1564 tutum
734 1504 786 1564 est
808 1499 938 1591 inopem
961 1501 1116 1566 simulare
1140 1507 1294 1585 tyranno.

310 1605 351 1671 cf.
379 1611 486 1682 nael.

221 1715 300 1777 dam
325 1711 532 1777 conferamus
556 1712 775 1778 Valerium:

178 1835 344 1900 aequum:
368 1825 484 1896 4622:
510 1819 575 1884 Sed
599 1824 632 1884 te
656 1838 720 1883 non
745 1818 861 1886 aruimis
885 1815 947 1886 nec
971 1821 1049 1886 solis
1074 1822 1201 1888 viribus
1224 1841 1295 1904 aeq.

311 1926 467 1992 Credere.
657 2007 659 2011 Ι

176 2033 353 2116 patrium:
379 2040 490 2110 2156:
517 2032 615 2098 Adde
640 2033 787 2099 cruentis

310 2137 406 2222 Quod
428 2139 573 2221 patrium
597 2146 649 2204 est
672 2139 802 2207 saevire
826 2140 943 2207 Dahis.

174 2264 313 2313 serum:
337 2253 450 2324 4,449;
476 2245 646 2312 Confectis
663 2245 687 2332 ¹)
712 2265 821 2313 serum
845 2252 898 2312 est
921 2266 962 2313 ex
985 2248 1100 2314 ordine
1124 2249 1204 2314 fatis

307 2357 491 2436 ingemere.
873 2355 874 2358 ’

171 2461 306 2545 turpe:
334 2466 442 2539 naal:
468 2461 580 2541 Turpe
605 2461 676 2527 viro
701 2461 848 2526 timuisse
872 2461 995 2527 futura.
1021 2461 1196 2543 cf‚‘7,386.

221 2569 345 2633 Restat
367 2574 406 2633 ut
433 2566 604 2633 uideamus
628 2567 735 2647 (pualis
759 2566 804 2632 sit
827 2586 905 2633 usus
929 2567 1034 2634 Silii:

173 2674 334 2758 dignum,
359 2675 561 2757 indignum:
600 2680 713 2752 Abiu:
749 2675 907 2740 Animam
942 2675 1134 2741 exscindere
1171 2675 1291 2743 dextra

305 2781 483 2863 Indignum
507 2787 559 2846 est
582 2781 698 2848 visiun.
1092 2765 1094 2769 ¹

260 2895 375 2966 aito:
400 2889 546 2970 Dignum
571 2893 623 2954 est
646 2907 844 2971 cognoscere
869 2908 1012 2956 causam.

135 3037 138 3042 <
171 2995 290 3062 dulce:
326 3000 458 3072 leuas:
484 2994 520 3061 Si
543 2993 605 3060 tibi
628 2997 723 3062 dulce
747 2995 1042 3063 virum-*vidisse

172 3103 372 3183 egregium:
397 3107 509 3179 6375:
533 3103 567 3167 N
570 3121 607 3167 ec
630 3109 699 3167 tam
722 3102 848 3183 fugisse
872 3103 1019 3170 cavendo

305 3209 522 3286 Adversas,
547 3228 643 3290 quam
666 3208 892 3290 perdomuisse
915 3207 1062 3276 ferendo.

171 3334 295 3398 grave:
321 3323 431 3394 2597:
456 3316 559 3382 Haud
575 3315 711 3396 gravior
731 3316 822 3382 duris
839 3315 950 3384 divium
966 3316 1176 3382 inclementia
1193 3318 1292 3382 nebus

303 3421 411 3506 Quam
433 3423 493 3488 leti
516 3422 666 3505 perferre
690 3443 797 3490 moras

168 3532 330 3613 longum:
357 3538 489 3608 irael:
514 3531 665 3613 Longum
690 3531 777 3596 coire
801 3530 943 3597 videtur.

167 3639 260 3706 lere:
289 3643 420 3715 13‚388:
446 3639 551 3702 Proh!
576 3643 698 3718 quianto
721 3638 829 3704 levius
851 3636 1045 3702 mortalibus
1061 3654 1164 3718 aegra
1180 3637 1291 3704 subire

304 3744 417 3825 Atque
440 3744 560 3810 farriam
584 3764 679 3824 quam
703 3763 799 3826 posse
822 3744 913 3812 mori.

168 3869 350 3936 iuiagnum,
374 3849 507 3936 maJus:
544 3848 720 3928 Sitraio:
746 3852 793 3918 M.
819 3856 934 3917 estex
957 3852 1052 3917 hoste
1076 3851 1211 3919 reverti.

302 3966 378 4037 452
405 3958 554 4043 (Discat)
579 3960 685 4042 majus
709 3959 753 4023 sit
776 3959 933 4025 scandere
959 3958 1060 4023 colles

304 4067 359 4130 vAu
383 4070 514 4132 uestros
538 4065 665 4146 turpisse
690 4066 815 4146 globos.

261 4316 280 4383 ¹)
311 4315 355 4368 Eu
374 4315 534 4383 conjectura
552 4315 716 4369 Baehrensii
745 4316 814 4368 satis
834 4315 966 4383 probabili
995 4333 1044 4385 pro
1064 4316 1163 4371 codicis
1183 4316 1210 4370 V
1224 4317 1288 4370 scri·

175 4416 257 4472 porra
278 4404 461 4472 ‚‚ooiusuuct.is“.
